@Book{TheForceOfMortality2013,
  Title                    = {"Actuarial Mathematics for Life Contingent - Second Edition"},
  Author                   = {"David C.M. Dickson. Mary R. Hardy and Howards R. Waters "},
  Publisher                = {"Cambridge University Press"},
  Year                     = {"2013"},
  Pages                    = {"21"},
  Plots                    = {"0"},
  Tables                   = {"0"}
}
@Book{CitiprivateBank,
  Title                    = {"Intellectual Leadership with Law Watch"},
  Author                   = {""},
  Publisher                = {""},
  Year                     = {"2008"},
  Pages                    = {"2"},
  Plots                    = {"1"},
  Tables                   = {"4"},
  Url                      = {"http://www.citigroup.com/privatebank/lawassociates/pdfs/lawwatch/slipsheet.pdf"}
}